@book{olver2000applications,
  title={Applications of Lie Groups to Differential Equations},
  author={Olver, P.J.},
  isbn={9780387950006},
  lccn={92044573},
  series={Graduate Texts in Mathematics},
  url={https://books.google.gr/books?id=sI2bAxgLMXYC},
  year={2000},
  publisher={Springer New York}
}

@misc{coordinateCharts,
  author = { Rowland, Todd.},
  title = {Coordinate Chart. From MathWorld--A Wolfram Web Resource, created by Eric W. Weisstein.},
  howpublished = "\url{http://mathworld.wolfram.com/CoordinateChart.html} " , 
}

@misc{manifold,
  author = { Rowland, Todd.},
  title = {"Manifold." From MathWorld--A Wolfram Web Resource, created by Eric W. Weisstein},
  howpublished = "\url{http://mathworld.wolfram.com/Manifold.html} " , 
}
 
@misc{topologysame,
  author = { Uploaded by LucasVB},
  title = {"Mug and Torus morph". Licensed under Public Domain via Commons },
  howpublished="\url{https://commons.wikimedia.org/wiki/File:Mug_and_Torus_morph.gif#/media/File:Mug_and_Torus_morph.gif}" ,
}
